@electronic{web_releaseNotesNgJs,
  title        = {AngularJS CHANGELOG},
  month        = {Jun. 5},
  year         = {2020},
  organization = {Google},
  url          = {https://github.com/angular/angular.js/blob/master/CHANGELOG.md#170-nonexistent-physiology-2018-05-11}
}

@electronic{yt_ngConf2014,
  author       = {ng-conf},
  title        = {Mi≈°ko Hevery and Brad Green - Keynote - NG-Conf 2014},
  howpublished = {[YouTube video]},
  year         = {2014},
  month        = {Jan. 1},
  url          = {https://www.youtube.com/watch?v=r1A1VR0ibIQ}
}